DateTime_UTC|Price|Size|Exchange|Condition_Code
2018-08-29 13:30:00|146.75|100|ISLAND|  T |
2018-08-29 13:30:00|146.75|1|DRCTEDGE| F I|
2018-08-29 13:30:03|146.88|1|BATS|   I|
2018-08-29 13:30:10|146.87|39850|NYSE| O  |
2018-08-29 13:30:10|146.75|1|DRCTEDGE|   I|
2018-08-29 13:30:10|146.8|34|NYSE| F I|
2018-08-29 13:30:10|146.85|10|BATS|   I|
2018-08-29 13:30:10|146.85|10|ISLAND|   I|
2018-08-29 13:30:10|146.8|20|NYSE| F I|
2018-08-29 13:30:10|146.85|10|NYSE| F I|
2018-08-29 13:30:10|146.89|1|PSX|   I|
2018-08-29 13:30:10|146.8|10|NYSE| F I|
2018-08-29 13:30:10|146.88|4|ISLAND|   I|
2018-08-29 13:30:10|146.85|10|NYSE| F I|
2018-08-29 13:30:10|146.8|10|NYSE| F I|
2018-08-29 13:30:10|146.73|100|FINRA|    |
2018-08-29 13:30:10|146.9|1|FINRA|   I|
2018-08-29 13:30:10|146.73|100|FINRA|    |
2018-08-29 13:30:11|146.87|7|FINRA| 4 I|
2018-08-29 13:30:11|146.87|11|FINRA| 4 I|
2018-08-29 13:30:11|146.87|100|FINRA| 4 B|
2018-08-29 13:30:11|146.87|486|FINRA| 4 B|
2018-08-29 13:30:11|146.87|245|FINRA| 4 B|
2018-08-29 13:30:11|146.87|51|FINRA| 4 I|
2018-08-29 13:30:11|146.8899|140|FINRA|    |
2018-08-29 13:30:11|146.73|100|FINRA|    |
2018-08-29 13:30:11|146.87|98|FINRA| 4 I|
2018-08-29 13:30:12|146.81|200|BEX|    |
2018-08-29 13:30:12|146.731|6|FINRA|   I|
2018-08-29 13:30:14|146.86|1|ISLAND|   I|
2018-08-29 13:30:18|146.74|6|FINRA|   I|
2018-08-29 13:30:18|146.87|1|FINRA| 4 I|
2018-08-29 13:30:19|146.87|1|FINRA| 4 I|
2018-08-29 13:30:19|146.87|1|FINRA| 4 I|
2018-08-29 13:30:23|146.87|1|FINRA| 4 I|
2018-08-29 13:30:24|146.87|1|FINRA| 4 I|
2018-08-29 13:30:26|146.87|1|FINRA| 4 I|
2018-08-29 13:30:30|146.77|100|BEX|    |
2018-08-29 13:30:31|146.765|95|FINRA|   I|
2018-08-29 13:30:31|146.78|100|NYSE|    |
2018-08-29 13:30:31|146.78|5|ISLAND|   I|
2018-08-29 13:30:33|146.76|100|DRCTEDGE| F  |
2018-08-29 13:30:33|146.76|2|DRCTEDGE|   I|
2018-08-29 13:30:36|146.75|89|NYSE|   I|
2018-08-29 13:30:36|146.77|100|ISLAND|    |
2018-08-29 13:30:36|146.76|7|DRCTEDGE|   I|
2018-08-29 13:30:36|146.76|7|EDGEA|   I|
2018-08-29 13:30:36|146.76|7|BYX|   I|
2018-08-29 13:30:36|146.76|10|BATS|   I|
2018-08-29 13:30:36|146.76|100|ISLAND|    |
2018-08-29 13:30:36|146.76|10|ISLAND|   I|
2018-08-29 13:30:36|146.76|1|NYSE|   I|
2018-08-29 13:30:36|146.75|11|NYSE|   I|
2018-08-29 13:30:36|146.75|100|BATS|    |
2018-08-29 13:30:36|146.75|12|ISLAND|   I|
2018-08-29 13:30:36|146.75|18|ISLAND|   I|
2018-08-29 13:30:36|146.75|82|ISLAND|   I|
2018-08-29 13:30:49|146.75|100|ISLAND|    |
2018-08-29 13:30:50|146.73|64|NYSE|   I|
2018-08-29 13:30:50|146.73|36|DRCTEDGE|   I|
2018-08-29 13:30:50|146.73|64|DRCTEDGE|   I|
2018-08-29 13:30:50|146.73|100|ISLAND|    |
2018-08-29 13:30:50|146.73|100|ISLAND|    |
2018-08-29 13:30:50|146.71|4|ISLAND| F I|
2018-08-29 13:30:50|146.71|96|ISLAND|   I|
2018-08-29 13:30:50|146.76|36|FINRA|   I|
2018-08-29 13:30:50|146.76|100|FINRA|    |
2018-08-29 13:30:50|146.76|100|FINRA|    |
2018-08-29 13:30:50|146.76|64|FINRA|   I|
2018-08-29 13:30:50|146.7|100|ARCA|    |
2018-08-29 13:30:50|146.7|28|NYSE|   I|
2018-08-29 13:30:50|146.71|100|ISLAND|    |
2018-08-29 13:30:50|146.7|100|ISLAND|    |
2018-08-29 13:30:50|146.7|100|ISLAND|    |
2018-08-29 13:30:50|146.71|100|BYX|    |
2018-08-29 13:30:50|146.7|100|ISLAND|    |
2018-08-29 13:30:50|146.74|58|ARCA|   I|
2018-08-29 13:30:50|146.74|100|ISLAND|    |
2018-08-29 13:30:50|146.74|41|ISLAND|   I|
2018-08-29 13:30:50|146.715|100|BEX|    |
2018-08-29 13:30:50|146.74|1|ISLAND|   I|
2018-08-29 13:30:50|146.7|100|BYX|    |
2018-08-29 13:30:50|146.7|20|BATS|   I|
2018-08-29 13:30:50|146.7|100|EDGEA|    |
2018-08-29 13:30:50|146.7|100|DRCTEDGE|    |
2018-08-29 13:30:50|146.7|100|ISLAND|    |
2018-08-29 13:30:50|146.69|100|ISLAND|    |
2018-08-29 13:30:50|146.69|100|ISLAND|    |
2018-08-29 13:30:50|146.69|100|ISLAND|    |
2018-08-29 13:30:50|146.69|100|DRCTEDGE|    |
2018-08-29 13:30:50|146.69|100|EDGEA|    |
2018-08-29 13:30:50|146.69|20|BATS|   I|
2018-08-29 13:30:50|146.69|10|BATS|   I|
2018-08-29 13:30:50|146.71|90|BATS|   I|
2018-08-29 13:30:50|146.7|100|ISLAND| F  |
2018-08-29 13:30:50|146.7|100|ISLAND| F  |
2018-08-29 13:30:50|146.7|100|ISLAND|    |
2018-08-29 13:30:50|146.69|10|ISLAND|   I|
2018-08-29 13:30:50|146.7|90|ISLAND|   I|
2018-08-29 13:30:50|146.68|24|ISLAND|   I|
2018-08-29 13:30:50|146.71|10|BATS| F I|
2018-08-29 13:30:50|146.68|15|ISLAND|   I|
2018-08-29 13:30:50|146.69|61|ISLAND|   I|
2018-08-29 13:30:50|146.69|50|FINRA|   I|
2018-08-29 13:30:50|146.72|100|BEX|    |
2018-08-29 13:30:52|146.73|100|BYX|    |
2018-08-29 13:30:52|146.74|100|BATS|    |
2018-08-29 13:30:52|146.74|1|ISLAND|   I|
2018-08-29 13:30:52|146.74|99|ISLAND|   I|
2018-08-29 13:30:52|146.715|100|FINRA|    |
2018-08-29 13:30:52|146.74|42|ARCA|   I|
2018-08-29 13:30:52|146.74|158|ARCA|    |
2018-08-29 13:30:52|146.69|100|ARCA|    |
2018-08-29 13:30:52|146.69|100|BATS|    |
2018-08-29 13:30:53|146.71|100|BYX|    |
2018-08-29 13:30:53|146.72|100|BYX|    |
2018-08-29 13:30:53|146.72|100|ISLAND|    |
2018-08-29 13:30:54|146.729|1000|FINRA|    |
2018-08-29 13:30:55|146.67|100|BATS| F  |
2018-08-29 13:30:55|146.67|100|ISLAND| F  |
2018-08-29 13:30:55|146.65|1|NYSE| F I|
2018-08-29 13:30:55|146.69|2|BATS|   I|
2018-08-29 13:30:59|146.68|100|BYX|    |
2018-08-29 13:31:00|146.63|100|BYX| F  |
2018-08-29 13:31:00|146.63|100|BATS| F  |
2018-08-29 13:31:00|146.62|4|BYX|   I|
2018-08-29 13:31:00|146.62|100|BATS|    |
2018-08-29 13:31:01|146.6566|50|FINRA|   I|
2018-08-29 13:31:01|146.61|99|ISLAND| F I|
2018-08-29 13:31:03|146.6101|1|FINRA|   I|
2018-08-29 13:31:05|146.64|100|ISLAND|    |
2018-08-29 13:31:05|146.64|100|DRCTEDGE| F  |
2018-08-29 13:31:05|146.64|73|DRCTEDGE| F I|
2018-08-29 13:31:05|146.65|100|ISLAND| F  |
2018-08-29 13:31:05|146.65|64|BEX| F I|
2018-08-29 13:31:05|146.64|27|DRCTEDGE|   I|
2018-08-29 13:31:05|146.65|36|BEX|   I|
2018-08-29 13:31:05|146.65|100|BEX| F  |
2018-08-29 13:31:05|146.64|100|ISLAND|    |
2018-08-29 13:31:05|146.65|73|BEX| F I|
2018-08-29 13:31:05|146.65|27|BEX|   I|
2018-08-29 13:31:05|146.64|100|DRCTEDGE|    |
2018-08-29 13:31:05|146.63|100|ISLAND|    |
2018-08-29 13:31:05|146.64|100|BATS|    |
2018-08-29 13:31:05|146.65|100|BATS| F  |
2018-08-29 13:31:05|146.65|54|ISLAND|   I|
2018-08-29 13:31:05|146.65|46|ISLAND|   I|
2018-08-29 13:31:05|146.67|300|FINRA|    |
2018-08-29 13:31:07|146.64|100|BEX| F  |
2018-08-29 13:31:10|146.65|100|ARCA|    |
2018-08-29 13:31:10|146.65|100|BEX| F  |
2018-08-29 13:31:10|146.65|100|BATS| F  |
2018-08-29 13:31:10|146.65|4|BATS| F I|
2018-08-29 13:31:10|146.65|100|ISLAND|    |
2018-08-29 13:31:11|146.67|100|ARCA|    |
2018-08-29 13:31:11|146.67|100|BATS|    |
2018-08-29 13:31:11|146.67|100|ISLAND|    |
2018-08-29 13:31:11|146.67|100|ISLAND|    |
2018-08-29 13:31:13|146.7|100|ISLAND|    |
2018-08-29 13:31:13|146.7|100|ISLAND|    |
2018-08-29 13:31:13|146.7|100|BATS|    |
2018-08-29 13:31:13|146.71|100|NYSE|    |
2018-08-29 13:31:15|146.7|100|ISLAND| F  |
2018-08-29 13:31:15|146.7|1|ISLAND|   I|
2018-08-29 13:31:15|146.69|100|ISLAND|    |
2018-08-29 13:31:17|146.67|11|FINRA|   I|
2018-08-29 13:31:26|146.7231|75|FINRA|   I|
2018-08-29 13:31:30|146.7201|33|FINRA|   I|
2018-08-29 13:31:32|146.68|1|NYSE|   I|
2018-08-29 13:31:32|146.67|229|NYSE|    |
2018-08-29 13:31:32|146.67|100|ISLAND|    |
2018-08-29 13:31:32|146.67|10|ISLAND|   I|
2018-08-29 13:31:32|146.66|100|NYSE|    |
2018-08-29 13:31:34|146.7|100|FINRA|    |
2018-08-29 13:31:36|146.7|100|FINRA|    |
2018-08-29 13:31:37|146.67|100|BATS|    |
2018-08-29 13:31:37|146.68|10|NYSE| F I|
2018-08-29 13:31:37|146.66|10|BYX| F I|
2018-08-29 13:31:37|146.65|90|FINRA|   I|
2018-08-29 13:31:38|146.6725|21|FINRA|   I|
2018-08-29 13:31:40|146.7|100|BATS|    |
2018-08-29 13:31:40|146.71|99|ARCA|   I|
2018-08-29 13:31:40|146.71|1|ARCA|   I|
2018-08-29 13:31:42|146.67|5|FINRA|   I|
2018-08-29 13:31:42|146.73|1|FINRA|   I|
2018-08-29 13:31:43|146.73|100|BATS|    |
2018-08-29 13:31:43|146.74|100|BATS|    |
2018-08-29 13:31:43|146.74|55|NYSE|   I|
2018-08-29 13:31:43|146.74|100|ISLAND|    |
2018-08-29 13:31:43|146.74|100|ISLAND|    |
2018-08-29 13:31:43|146.74|100|ISLAND|    |
2018-08-29 13:31:43|146.75|300|NYSE| F  |
2018-08-29 13:31:43|146.75|100|ISLAND|    |
2018-08-29 13:31:43|146.75|100|ARCA| F  |
2018-08-29 13:31:43|146.74|100|BATS|    |
2018-08-29 13:31:43|146.74|100|ISLAND| F  |
2018-08-29 13:31:43|146.72|100|FINRA|    |
2018-08-29 13:31:43|146.76|100|BYX|    |
2018-08-29 13:31:43|146.77|4|BYX|   I|
2018-08-29 13:31:43|146.78|96|BYX|   I|
2018-08-29 13:31:44|146.73|100|ISLAND|    |
2018-08-29 13:31:56|146.76|1|DRCTEDGE|   I|
2018-08-29 13:31:56|146.77|49|FINRA|   I|
2018-08-29 13:32:05|146.71|100|NYSE| F  |
2018-08-29 13:32:05|146.71|4|NYSE|   I|
2018-08-29 13:32:05|146.71|100|BATS|    |
2018-08-29 13:32:05|146.71|100|ISLAND|    |
2018-08-29 13:32:05|146.64|100|NYSE| F  |
2018-08-29 13:32:05|146.62|19|NYSE| F I|
2018-08-29 13:32:05|146.64|100|BATS| F  |
2018-08-29 13:32:05|146.65|100|ISLAND| F  |
2018-08-29 13:32:05|146.64|100|ISLAND| F  |
2018-08-29 13:32:05|146.64|100|BEX| F  |
2018-08-29 13:32:05|146.63|3|ISLAND| F I|
2018-08-29 13:32:05|146.62|81|NYSE|   I|
2018-08-29 13:32:05|146.6|3|BATS|   I|
2018-08-29 13:32:05|146.6|95|NYSE| F I|
2018-08-29 13:32:05|146.6|10|ISLAND|   I|
2018-08-29 13:32:05|146.6|110|ISLAND| F  |
2018-08-29 13:32:05|146.63|10|ISLAND| F I|
2018-08-29 13:32:05|146.63|90|BATS| F I|
2018-08-29 13:32:05|146.64|10|BATS| F I|
2018-08-29 13:32:05|146.64|90|ISLAND| F I|
2018-08-29 13:32:05|146.64|10|ISLAND| F I|
2018-08-29 13:32:05|146.61|10|ISLAND|   I|
2018-08-29 13:32:05|146.61|10|BATS|   I|
2018-08-29 13:32:05|146.61|34|BATS|   I|
2018-08-29 13:32:05|146.61|100|BATS|    |
2018-08-29 13:32:05|146.61|1|BYX|   I|
2018-08-29 13:32:05|146.63|10|BYX| F I|
2018-08-29 13:32:05|146.61|90|BATS| F I|
2018-08-29 13:32:05|146.63|10|DRCTEDGE| F I|
2018-08-29 13:32:05|146.63|11|BATS| F I|
2018-08-29 13:32:05|146.63|80|BATS| F I|
2018-08-29 13:32:05|146.64|55|ISLAND| F I|
2018-08-29 13:32:05|146.62|10|EDGEA|   I|
2018-08-29 13:32:05|146.64|45|ISLAND| F I|
2018-08-29 13:32:05|146.63|10|BATS| F I|
2018-08-29 13:32:05|146.62|10|BYX|   I|
2018-08-29 13:32:05|146.62|10|DRCTEDGE|   I|
2018-08-29 13:32:05|146.62|10|EDGEA|   I|
2018-08-29 13:32:05|146.6|54|DRCTEDGE|   I|
2018-08-29 13:32:05|146.62|90|ISLAND|   I|
2018-08-29 13:32:05|146.62|10|ISLAND|   I|
2018-08-29 13:32:05|146.63|80|PSX| F I|
2018-08-29 13:32:05|146.63|6|PSX| F I|
2018-08-29 13:32:05|146.63|13|PSX| F I|
2018-08-29 13:32:05|146.63|3|ISLAND|   I|
2018-08-29 13:32:05|146.62|13|ARCA|   I|
2018-08-29 13:32:05|146.62|4|ARCA|   I|
2018-08-29 13:32:05|146.62|17|NYSE|   I|
2018-08-29 13:32:05|146.62|17|ISLAND|   I|
2018-08-29 13:32:05|146.63|100|BATS| F  |
2018-08-29 13:32:05|146.63|1|ISLAND|   I|
2018-08-29 13:32:05|146.63|30|ISLAND|   I|
2018-08-29 13:32:05|146.63|56|BATS|   I|
2018-08-29 13:32:05|146.64|10|ISLAND|   I|
2018-08-29 13:32:05|146.64|10|ISLAND|   I|
2018-08-29 13:32:05|146.64|10|ISLAND|   I|
2018-08-29 13:32:05|146.65|191|ISLAND|    |
2018-08-29 13:32:05|146.65|9|ISLAND|   I|
2018-08-29 13:32:05|146.63|10|FINRA|   I|
2018-08-29 13:32:05|146.65|10|ISLAND| F I|
2018-08-29 13:32:05|146.63|2|BYX|   I|
2018-08-29 13:32:05|146.63|18|BYX|   I|
2018-08-29 13:32:05|146.63|59|BYX|   I|
2018-08-29 13:32:05|146.64|100|BYX|    |
2018-08-29 13:32:12|146.6999|30|FINRA|   I|
2018-08-29 13:32:12|146.69|100|BYX|    |
2018-08-29 13:32:13|146.6636|19|FINRA|   I|
2018-08-29 13:32:14|146.7|100|BEX|    |
2018-08-29 13:32:14|146.67|70|BATS|   I|
2018-08-29 13:32:25|146.64|54|FINRA|   I|
2018-08-29 13:32:29|146.67|70|FINRA|   I|
2018-08-29 13:32:30|146.69|100|ARCA|    |
2018-08-29 13:32:30|146.7|100|ARCA|    |
2018-08-29 13:32:30|146.67|30|BATS|   I|
2018-08-29 13:32:30|146.7|70|BATS|   I|
2018-08-29 13:32:30|146.7|30|BATS|   I|
2018-08-29 13:32:30|146.69|48|ISLAND|   I|
2018-08-29 13:32:30|146.69|48|ISLAND|   I|
2018-08-29 13:32:30|146.69|4|ISLAND|   I|
2018-08-29 13:32:30|146.7|1|ISLAND|   I|
2018-08-29 13:32:30|146.7|43|ISLAND|   I|
2018-08-29 13:32:30|146.7|4|ISLAND|   I|
2018-08-29 13:32:30|146.7|100|BATS|    |
2018-08-29 13:32:30|146.65|100|FINRA|    |
2018-08-29 13:32:30|146.74|100|BATS|    |
2018-08-29 13:32:30|146.74|10|ISLAND|   I|
2018-08-29 13:32:30|146.74|190|ISLAND|    |
2018-08-29 13:32:30|146.74|10|ISLAND|   I|
2018-08-29 13:32:30|146.74|78|DRCTEDGE|   I|
2018-08-29 13:32:30|146.74|22|DRCTEDGE| F I|
2018-08-29 13:32:30|146.75|78|NYSE|   I|
2018-08-29 13:32:30|146.75|22|NYSE| F I|
2018-08-29 13:32:30|146.74|10|ISLAND|   I|
2018-08-29 13:32:33|146.76|100|ARCA|    |
2018-08-29 13:32:35|146.7602|15|FINRA|   I|
2018-08-29 13:32:40|146.7731|33|FINRA|   I|
2018-08-29 13:32:41|146.72|330|FINRA|    |
2018-08-29 13:32:43|146.7792|10|FINRA|   I|
2018-08-29 13:32:45|146.7201|99|FINRA|   I|
2018-08-29 13:32:48|146.78|1|FINRA|   I|
2018-08-29 13:32:49|146.75|350|FINRA|    |
2018-08-29 13:32:51|146.7437|6|FINRA|   I|
2018-08-29 13:32:52|146.7532|2|FINRA|   I|
2018-08-29 13:32:56|146.7206|50|FINRA|   I|
2018-08-29 13:32:58|146.7437|35|FINRA|   I|
2018-08-29 13:33:00|146.72|110|NYSE| F  |
2018-08-29 13:33:00|146.72|100|ISLAND| F  |
2018-08-29 13:33:00|146.72|90|NYSE|   I|
2018-08-29 13:33:00|146.72|10|BATS| F I|
2018-08-29 13:33:00|146.72|90|BATS| F I|
2018-08-29 13:33:00|146.71|75|NYSE| F I|
2018-08-29 13:33:00|146.71|10|NYSE| F I|
2018-08-29 13:33:00|146.71|10|NYSE| F I|
2018-08-29 13:33:00|146.71|5|NYSE| F I|
2018-08-29 13:33:00|146.7|100|ARCA|    |
2018-08-29 13:33:05|146.7399|10|FINRA|   I|
2018-08-29 13:33:13|146.76|1|FINRA|   I|
2018-08-29 13:33:15|146.739|200|FINRA|    |
2018-08-29 13:33:17|146.6801|17|FINRA|   I|
2018-08-29 13:33:28|146.7202|150|FINRA|    |
2018-08-29 13:33:29|146.68|34|BEX|   I|
2018-08-29 13:33:41|146.71|102|ISLAND|    |
2018-08-29 13:33:42|146.75|100|BEX|    |
2018-08-29 13:33:42|146.75|100|BEX|    |
2018-08-29 13:33:42|146.75|1|ISLAND|   I|
2018-08-29 13:33:42|146.75|100|DRCTEDGE|    |
2018-08-29 13:33:42|146.75|100|BATS|    |
2018-08-29 13:33:42|146.75|100|DRCTEDGE| F  |
2018-08-29 13:33:42|146.75|100|BATS| F  |
2018-08-29 13:33:42|146.76|100|BATS|    |
2018-08-29 13:33:42|146.78|1|NYSE| F I|
2018-08-29 13:33:42|146.78|85|NYSE| F I|
2018-08-29 13:33:42|146.78|14|NYSE|   I|
2018-08-29 13:33:42|146.79|100|FINRA|    |
2018-08-29 13:33:42|146.79|100|BATS|    |
2018-08-29 13:33:42|146.79|100|ISLAND|    |
2018-08-29 13:33:42|146.79|100|ISLAND|    |
2018-08-29 13:33:42|146.79|100|FINRA|    |
2018-08-29 13:33:42|146.77|10|BEX|   I|
2018-08-29 13:33:42|146.77|90|FINRA|   I|
2018-08-29 13:33:42|146.79|10|ISLAND|   I|
2018-08-29 13:33:42|146.79|90|BATS|   I|
2018-08-29 13:33:42|146.8|90|ISLAND|   I|
2018-08-29 13:33:42|146.8|10|ISLAND|   I|
2018-08-29 13:33:42|146.81|100|BEX|    |
2018-08-29 13:33:48|146.8216|68|FINRA|   I|
2018-08-29 13:33:49|146.84|1|ISLAND|   I|
2018-08-29 13:33:54|146.87|1|FINRA|   I|
2018-08-29 13:33:57|146.8509|200|FINRA|    |
2018-08-29 13:33:57|146.8699|8|FINRA|   I|
2018-08-29 13:33:59|146.87|100|BEX|    |
2018-08-29 13:33:59|146.86|1|ISLAND|   I|
2018-08-29 13:34:01|146.89|100|ARCA|    |
2018-08-29 13:34:01|146.89|13|ARCA|   I|
2018-08-29 13:34:02|146.89|100|BATS|    |
2018-08-29 13:34:02|146.89|100|BATS|    |
2018-08-29 13:34:02|146.88|2|ISLAND| F I|
2018-08-29 13:34:02|146.89|100|BATS|    |
2018-08-29 13:34:02|146.88|100|ISLAND|    |
2018-08-29 13:34:02|146.88|100|ISLAND|    |
2018-08-29 13:34:02|146.89|100|BATS|    |
2018-08-29 13:34:02|146.89|100|NYSE|    |
2018-08-29 13:34:02|146.89|100|DRCTEDGE|    |
2018-08-29 13:34:02|146.89|100|ISLAND|    |
2018-08-29 13:34:02|146.89|100|DRCTEDGE|    |
2018-08-29 13:34:02|146.89|100|FINRA|    |
2018-08-29 13:34:02|146.9|100|FINRA|    |
2018-08-29 13:34:02|146.9|188|NYSE|    |
2018-08-29 13:34:02|146.9|75|DRCTEDGE|   I|
2018-08-29 13:34:05|146.92|100|NYSE|    |
2018-08-29 13:34:05|146.92|100|DRCTEDGE|    |
2018-08-29 13:34:05|146.92|100|DRCTEDGE|    |
2018-08-29 13:34:09|146.91|9|BATS| F I|
2018-08-29 13:34:10|146.9035|5|FINRA|   I|
2018-08-29 13:34:14|146.91|5|ISLAND|   I|
2018-08-29 13:34:14|146.9107|3|FINRA|   I|
2018-08-29 13:34:15|146.91|50|ISLAND|   I|
2018-08-29 13:34:18|146.91|100|ARCA|    |
2018-08-29 13:34:18|146.9|100|ARCA| F  |
2018-08-29 13:34:18|146.9|100|BEX|    |
2018-08-29 13:34:18|146.9|100|NYSE| F  |
2018-08-29 13:34:18|146.91|45|ISLAND| F I|
2018-08-29 13:34:18|146.91|91|BATS| F I|
2018-08-29 13:34:18|146.9|100|ISLAND| F  |
2018-08-29 13:34:18|146.9|9|BATS| F I|
2018-08-29 13:34:18|146.9|155|ISLAND| F  |
2018-08-29 13:34:18|146.9|91|BATS| F I|
2018-08-29 13:34:18|146.9|45|ISLAND| F I|
2018-08-29 13:34:18|146.9|100|ARCA|    |
2018-08-29 13:34:18|146.91|100|FINRA|    |
2018-08-29 13:34:18|146.9|100|FINRA|    |
2018-08-29 13:34:18|146.88|2|NYSE|   I|
2018-08-29 13:34:20|146.8941|300|FINRA|    |
2018-08-29 13:34:26|146.8882|33|FINRA|   I|
2018-08-29 13:34:29|146.88|100|ARCA| F  |
2018-08-29 13:34:29|146.88|100|BATS| F  |
2018-08-29 13:34:29|146.88|100|ISLAND| F  |
2018-08-29 13:34:29|146.88|100|BATS|    |
2018-08-29 13:34:29|146.88|100|DRCTEDGE|    |
2018-08-29 13:34:29|146.88|100|DRCTEDGE|    |
2018-08-29 13:34:29|146.88|100|BATS|    |
2018-08-29 13:34:29|146.88|100|ISLAND|    |
2018-08-29 13:34:29|146.88|100|BATS|    |
2018-08-29 13:34:29|146.91|100|BEX|    |
2018-08-29 13:34:36|146.88|1|BATS|   I|
2018-08-29 13:34:37|146.92|100|ARCA|    |
2018-08-29 13:34:37|146.92|32|ISLAND|   I|
2018-08-29 13:34:37|146.92|100|ISLAND|    |
2018-08-29 13:34:37|146.92|1|ISLAND|   I|
2018-08-29 13:34:37|146.92|13|ISLAND|   I|
2018-08-29 13:34:37|146.92|100|PSX|    |
2018-08-29 13:34:37|146.92|74|DRCTEDGE|   I|
2018-08-29 13:34:37|146.92|87|ISLAND|   I|
2018-08-29 13:34:37|146.92|2|ISLAND|   I|
2018-08-29 13:34:37|146.92|100|ISLAND|    |
2018-08-29 13:34:38|146.94|100|ISLAND|    |
2018-08-29 13:34:38|146.94|200|PSX|    |
2018-08-29 13:34:38|146.94|98|AMEX| F I|
2018-08-29 13:34:38|146.94|2|AMEX| F I|
2018-08-29 13:34:38|146.95|100|NYSE| F  |
2018-08-29 13:34:38|146.95|2|ISLAND| F I|
2018-08-29 13:34:39|147.0|1|FINRA|   I|
2018-08-29 13:34:39|146.99|24|NYSE|   I|
2018-08-29 13:34:54|146.98|1|FINRA|   I|
2018-08-29 13:35:00|146.9563|2|FINRA|   I|
2018-08-29 13:35:01|146.9613|40|FINRA|   I|
2018-08-29 13:35:06|146.97|100|ARCA|    |
2018-08-29 13:35:06|146.97|100|ISLAND|    |
2018-08-29 13:35:06|146.97|6|DRCTEDGE|   I|
2018-08-29 13:35:06|146.98|9|ARCA|   I|
2018-08-29 13:35:09|147.0|100|NYSENAT| F  |
2018-08-29 13:35:10|146.9653|50|FINRA|   I|
2018-08-29 13:35:16|146.98|5|BATS|   I|
2018-08-29 13:35:16|146.98|5|BATS|   I|
2018-08-29 13:35:16|146.99|190|BATS|    |
2018-08-29 13:35:16|146.99|10|BATS|   I|
2018-08-29 13:35:16|146.99|200|PSX|    |
2018-08-29 13:35:16|146.99|100|PSX|    |
2018-08-29 13:35:16|146.98|97|BATS|   I|
2018-08-29 13:35:16|146.99|100|ISLAND|    |
2018-08-29 13:35:16|146.99|1|ISLAND|   I|
2018-08-29 13:35:16|146.98|3|ISLAND|   I|
2018-08-29 13:35:17|146.97|100|NYSE| F  |
2018-08-29 13:35:17|146.98|40|BATS|   I|
2018-08-29 13:35:17|146.98|60|FINRA|   I|
2018-08-29 13:35:17|146.99|100|ARCA|    |
2018-08-29 13:35:17|146.99|100|ISLAND| F  |
2018-08-29 13:35:17|147.0|200|NYSE| F  |
2018-08-29 13:35:17|147.0|73|ARCA|   I|
2018-08-29 13:35:17|147.0|147|ARCA| F  |
2018-08-29 13:35:17|147.0|1574|NYSE|    |
2018-08-29 13:35:17|147.0|91|NYSE|   I|
2018-08-29 13:35:17|147.0|496|NYSE| F  |
2018-08-29 13:35:17|147.0|100|NYSE| F  |
2018-08-29 13:35:17|147.0|100|NYSE| F  |
2018-08-29 13:35:17|147.0|2170|NYSE|    |
2018-08-29 13:35:17|147.0|79|DRCTEDGE|   I|
2018-08-29 13:35:17|147.0|96|DRCTEDGE|   I|
2018-08-29 13:35:17|147.0|65|DRCTEDGE| F I|
2018-08-29 13:35:17|147.0|3|ISLAND|   I|
2018-08-29 13:35:17|147.0|54|ISLAND|   I|
2018-08-29 13:35:17|147.0|46|ISLAND|   I|
2018-08-29 13:35:17|147.0|71|ISLAND|   I|
2018-08-29 13:35:17|147.05|25|NYSE| F I|
2018-08-29 13:35:17|147.0|80|AMEX|   I|
2018-08-29 13:35:17|147.03|20|ISLAND| F I|
2018-08-29 13:35:17|147.04|500|BATS| F  |
2018-08-29 13:35:17|147.03|80|ISLAND| F I|
2018-08-29 13:35:17|147.05|62|ISLAND| F I|
2018-08-29 13:35:17|147.05|38|ISLAND| F I|
2018-08-29 13:35:17|147.07|17|BYX| F I|
2018-08-29 13:35:17|147.06|3|ISLAND| F I|
2018-08-29 13:35:17|147.07|10|ISLAND| F I|
2018-08-29 13:35:17|147.07|100|ISLAND|    |
2018-08-29 13:35:17|147.07|100|ARCA| F  |
2018-08-29 13:35:17|147.07|80|ARCA| F I|
2018-08-29 13:35:17|147.07|20|ARCA| F I|
2018-08-29 13:35:17|147.08|28|ARCA| F I|
2018-08-29 13:35:17|147.08|6|ARCA| F I|
2018-08-29 13:35:17|147.08|17|BATS| F I|
2018-08-29 13:35:17|147.08|34|NYSE| F I|
2018-08-29 13:35:17|147.06|3|ISLAND|   I|
2018-08-29 13:35:17|147.08|1|ISLAND| F I|
2018-08-29 13:35:17|147.08|34|ISLAND| F I|
2018-08-29 13:35:17|147.1|22|NYSE| F I|
2018-08-29 13:35:17|147.1|6|NYSE| F I|
2018-08-29 13:35:17|147.1|46|NYSE| F I|
2018-08-29 13:35:17|147.1|294|NYSE|    |
2018-08-29 13:35:17|147.11|12|NYSE| F I|
2018-08-29 13:35:17|147.07|100|BEX| F  |
2018-08-29 13:35:17|147.1|29|NYSE| F I|
2018-08-29 13:35:17|147.11|11|BEX| F I|
2018-08-29 13:35:17|147.1|71|NYSE| F I|
2018-08-29 13:35:17|147.11|3|NYSE| F I|
2018-08-29 13:35:17|147.11|74|NYSE| F I|
2018-08-29 13:35:17|147.11|11|NYSE| F I|
2018-08-29 13:35:17|147.13|27|NYSENAT| F I|
2018-08-29 13:35:17|147.13|1|ISLAND| F I|
2018-08-29 13:35:17|147.07|450|FINRA|    |
2018-08-29 13:35:17|147.09|43|NYSE| F I|
2018-08-29 13:35:17|147.09|97|NYSE| F I|
2018-08-29 13:35:17|147.095|142|BATS|    |
2018-08-29 13:35:17|147.08|100|ISLAND|    |
2018-08-29 13:35:17|147.08|100|BATS|    |
2018-08-29 13:35:17|147.09|100|FINRA|    |
2018-08-29 13:35:17|147.07|200|NYSE|    |
2018-08-29 13:35:17|147.07|58|BATS|   I|
2018-08-29 13:35:17|147.07|42|BATS| F I|
2018-08-29 13:35:17|147.07|100|ISLAND|    |
2018-08-29 13:35:17|147.07|100|DRCTEDGE| F  |
2018-08-29 13:35:17|147.05|200|FINRA|    |
2018-08-29 13:35:17|147.05|100|BATS| F  |
2018-08-29 13:35:17|147.05|57|ISLAND| F I|
2018-08-29 13:35:17|147.05|43|ISLAND| F I|
2018-08-29 13:35:17|147.05|21|ISLAND| F I|
2018-08-29 13:35:17|147.05|79|ISLAND| F I|
2018-08-29 13:35:17|147.04|48|NYSE| F I|
2018-08-29 13:35:17|147.03|100|DRCTEDGE| F  |
2018-08-29 13:35:17|147.0|100|BEX|    |
2018-08-29 13:35:17|147.01|51|BYX|   I|
2018-08-29 13:35:17|147.04|100|BYX|    |
2018-08-29 13:35:17|147.01|3|ISLAND|   I|
2018-08-29 13:35:17|147.04|81|BATS|   I|
2018-08-29 13:35:17|147.03|2|BATS|   I|
2018-08-29 13:35:17|147.03|8|BATS|   I|
2018-08-29 13:35:17|147.03|2|ISLAND|   I|
2018-08-29 13:35:17|147.03|2|ISLAND|   I|
2018-08-29 13:35:17|147.03|50|ISLAND|   I|
2018-08-29 13:35:17|147.02|50|BYX|   I|
2018-08-29 13:35:17|147.02|100|ISLAND|    |
2018-08-29 13:35:17|147.01|100|ARCA|    |
2018-08-29 13:35:17|147.02|4|ISLAND|   I|
2018-08-29 13:35:17|147.02|2|ISLAND|   I|
2018-08-29 13:35:17|147.02|8|ISLAND|   I|
2018-08-29 13:35:17|147.01|32|DRCTEDGE|   I|
2018-08-29 13:35:17|147.02|50|BATS|   I|
2018-08-29 13:35:17|147.04|12|BYX|   I|
2018-08-29 13:35:17|147.05|100|NYSE| F  |
2018-08-29 13:35:17|147.05|40|BYX| F I|
2018-08-29 13:35:17|147.05|2|ISLAND|   I|
2018-08-29 13:35:17|147.02|100|BEX|    |
2018-08-29 13:35:19|147.0|100|NYSENAT| F  |
2018-08-29 13:35:19|147.0|100|NYSE| F  |
2018-08-29 13:35:19|147.0|100|IEX|    |
2018-08-29 13:35:20|147.025|100|FINRA|    |
2018-08-29 13:35:22|147.04|200|ARCA|    |
2018-08-29 13:35:22|147.05|100|BEX| F  |
2018-08-29 13:35:22|147.05|100|BEX|    |
2018-08-29 13:35:22|147.05|100|ISLAND|    |
2018-08-29 13:35:22|147.06|100|DRCTEDGE|    |
2018-08-29 13:35:22|147.06|46|BYX| F I|
2018-08-29 13:35:22|147.06|54|BYX| F I|
2018-08-29 13:35:22|147.04|100|BEX| F  |
2018-08-29 13:35:22|147.0523|5|FINRA|   I|
2018-08-29 13:35:23|147.08|100|NYSENAT|    |
2018-08-29 13:35:24|147.04|100|ISLAND| F  |
2018-08-29 13:35:24|147.04|15|ISLAND| F I|
2018-08-29 13:35:25|147.0449|100|FINRA|    |
2018-08-29 13:35:25|147.08|96|NYSENAT|   I|
2018-08-29 13:35:28|147.025|100|FINRA|    |
2018-08-29 13:35:30|147.025|100|FINRA|    |
2018-08-29 13:35:30|147.0|100|IEX|    |
2018-08-29 13:35:33|147.0176|97|FINRA|   I|
2018-08-29 13:35:34|147.05|235|FINRA|    |
2018-08-29 13:35:36|147.0352|15|FINRA|   I|
2018-08-29 13:35:36|147.02|5|NYSE| F I|
2018-08-29 13:35:37|147.01|150|FINRA|    |
2018-08-29 13:35:37|147.01|7|FINRA|   I|
2018-08-29 13:35:44|147.02|95|NYSE| F I|
2018-08-29 13:35:44|147.01|100|NYSE| F  |
2018-08-29 13:35:44|147.0|100|NYSE| F  |
2018-08-29 13:35:44|147.0|46|BATS| F I|
2018-08-29 13:35:44|147.01|100|ISLAND| F  |
2018-08-29 13:35:44|147.0|100|NYSE| F  |
2018-08-29 13:35:44|147.01|100|ISLAND| F  |
2018-08-29 13:35:44|147.0|54|BATS| F I|
2018-08-29 13:35:44|147.0|19|DRCTEDGE| F I|
2018-08-29 13:35:44|147.0|100|ISLAND| F  |
2018-08-29 13:35:44|147.0|58|ISLAND| F I|
2018-08-29 13:35:44|147.0|73|DRCTEDGE| F I|
2018-08-29 13:35:44|147.0|42|ISLAND| F I|
2018-08-29 13:35:44|147.01|100|BATS|    |
2018-08-29 13:35:44|147.0|58|ISLAND| F I|
2018-08-29 13:35:44|147.0|8|DRCTEDGE| F I|
2018-08-29 13:35:44|147.0|36|DRCTEDGE| F I|
2018-08-29 13:35:44|147.0|64|DRCTEDGE| F I|
2018-08-29 13:35:44|147.0|42|ISLAND| F I|
2018-08-29 13:35:44|147.01|100|DRCTEDGE|    |
2018-08-29 13:35:44|146.96|100|BEX| F  |
2018-08-29 13:35:44|146.96|100|NYSE|    |
2018-08-29 13:35:44|146.96|100|ARCA|    |
2018-08-29 13:35:44|146.96|100|ARCA|    |
2018-08-29 13:35:44|146.95|200|NYSE|    |
2018-08-29 13:35:44|146.95|300|NYSE| F  |
2018-08-29 13:35:44|146.999|8|FINRA|   I|
2018-08-29 13:35:45|146.94|100|NYSE|    |
2018-08-29 13:35:45|146.9031|70|FINRA|   I|
2018-08-29 13:35:46|146.88|100|BEX| F  |
2018-08-29 13:35:49|146.9399|15|FINRA|   I|
2018-08-29 13:35:50|146.94|100|BYX| F  |
2018-08-29 13:35:50|146.94|100|BYX| F  |
2018-08-29 13:35:50|146.94|100|EDGEA| F  |
2018-08-29 13:35:50|146.94|100|BEX| F  |
2018-08-29 13:35:50|146.94|100|IEX|    |
2018-08-29 13:35:50|146.94|100|IEX|    |
2018-08-29 13:35:51|146.98|100|BATS|    |
2018-08-29 13:35:51|146.98|100|DRCTEDGE|    |
2018-08-29 13:35:51|146.98|100|DRCTEDGE|    |
2018-08-29 13:35:53|146.87|1|FINRA|   I|
2018-08-29 13:35:53|146.94|100|BYX| F  |
2018-08-29 13:35:54|146.9999|35|FINRA|   I|
2018-08-29 13:35:54|147.0|35|FINRA|   I|
2018-08-29 13:35:54|146.93|5|NYSE|   I|
2018-08-29 13:35:56|147.0|2|FINRA|   I|
2018-08-29 13:35:56|146.92|2|FINRA|   I|
2018-08-29 13:35:56|146.9201|80|FINRA|   I|
2018-08-29 13:35:57|147.0|5|FINRA|   I|
2018-08-29 13:35:58|146.99|100|BYX|    |
2018-08-29 13:35:58|146.92|100|FINRA|    |
2018-08-29 13:36:03|146.9902|60|FINRA|   I|
2018-08-29 13:36:05|146.92|1|FINRA|   I|
2018-08-29 13:36:12|146.93|5|ISLAND|   I|
2018-08-29 13:36:18|146.96|300|FINRA|    |
2018-08-29 13:36:25|146.955|300|FINRA|    |
2018-08-29 13:36:26|146.93|9|BATS| F I|
2018-08-29 13:36:30|146.93|5|ISLAND|   I|
2018-08-29 13:36:31|146.9617|160|FINRA|    |
2018-08-29 13:36:34|146.98|2|BATS|   I|
2018-08-29 13:36:34|146.9477|45|FINRA|   I|
2018-08-29 13:36:38|146.99|25|IEX|   I|
2018-08-29 13:36:41|146.9804|315|FINRA|    |
2018-08-29 13:36:41|146.99|100|NYSENAT| F  |
2018-08-29 13:36:41|146.99|100|NYSE| F  |
2018-08-29 13:36:41|146.99|100|BYX| F  |
2018-08-29 13:36:41|146.99|100|DRCTEDGE| F  |
2018-08-29 13:36:41|146.99|100|BATS| F  |
2018-08-29 13:36:41|146.99|100|NYSE| F  |
2018-08-29 13:36:41|146.99|100|DRCTEDGE| F  |
2018-08-29 13:36:41|146.99|100|BATS| F  |
2018-08-29 13:36:41|146.98|100|ISLAND| F  |
2018-08-29 13:36:41|146.99|99|BATS| F I|
2018-08-29 13:36:41|146.99|5|ISLAND| F I|
2018-08-29 13:36:41|147.0|365|BATS|    |
2018-08-29 13:36:41|147.0|100|NYSE|    |
2018-08-29 13:36:41|147.0|200|BATS|    |
2018-08-29 13:36:41|147.0|100|NYSE| F  |
2018-08-29 13:36:41|147.0|35|BATS| F I|
2018-08-29 13:36:41|147.0|100|NYSE| F  |
2018-08-29 13:36:41|147.0|35|BATS| F I|
2018-08-29 13:36:41|147.0|7|NYSE| F I|
2018-08-29 13:36:41|147.0|93|NYSE| F I|
2018-08-29 13:36:41|147.0|235|BATS| F  |
2018-08-29 13:36:41|147.01|7|ISLAND| F I|
2018-08-29 13:36:41|147.01|42|NYSE| F I|
2018-08-29 13:36:41|147.01|58|NYSE| F I|
2018-08-29 13:36:41|147.01|93|ISLAND| F I|
2018-08-29 13:36:41|147.0|1|ISLAND|   I|
2018-08-29 13:36:41|146.99|100|BATS| F  |
2018-08-29 13:36:41|147.0|100|BEX| F  |
2018-08-29 13:36:43|147.02|100|FINRA|    |
2018-08-29 13:36:43|147.03|100|BEX|    |
2018-08-29 13:36:43|147.0|100|NYSE| F  |
2018-08-29 13:36:43|147.0|100|BATS|    |
2018-08-29 13:36:43|147.0|100|BATS|    |
2018-08-29 13:36:43|147.0|100|DRCTEDGE| F  |
2018-08-29 13:36:43|147.0|200|ISLAND| F  |
2018-08-29 13:36:43|147.0|100|ISLAND|    |
2018-08-29 13:36:43|146.99|100|BATS|    |
2018-08-29 13:36:43|147.0|100|ISLAND|    |
2018-08-29 13:36:43|147.0|100|FINRA|    |
2018-08-29 13:36:46|146.97|100|BATS|    |
2018-08-29 13:36:46|146.97|1|BYX| F I|
2018-08-29 13:36:46|146.97|100|BEX|    |
2018-08-29 13:36:47|146.96|100|NYSE| F  |
2018-08-29 13:36:47|146.96|100|ISLAND| F  |
2018-08-29 13:36:49|146.96|100|BATS| F  |
2018-08-29 13:36:49|146.96|101|NYSE| F  |
2018-08-29 13:36:49|146.9525|100|FINRA|    |
2018-08-29 13:36:51|146.9576|35|FINRA|   I|
2018-08-29 13:36:51|146.99|50|BYX|   I|
2018-08-29 13:36:51|146.99|50|BYX|   I|
2018-08-29 13:36:54|146.94|5|FINRA|   I|
2018-08-29 13:36:58|146.9648|200|FINRA|    |
2018-08-29 13:37:06|146.95|5|ISLAND|   I|
2018-08-29 13:37:06|147.0|151|EDGEA|    |
2018-08-29 13:37:06|147.01|100|FINRA|    |
2018-08-29 13:37:06|146.9772|19|FINRA|   I|
2018-08-29 13:37:09|146.98|100|FINRA|    |
2018-08-29 13:37:10|146.94|15|FINRA|   I|
2018-08-29 13:37:16|146.97|300|FINRA|    |
2018-08-29 13:37:16|146.999|1200|FINRA|    |
2018-08-29 13:37:16|147.0|2500|FINRA|    |
2018-08-29 13:37:16|146.94|100|NYSENAT| F  |
2018-08-29 13:37:16|146.95|100|BATS| F  |
2018-08-29 13:37:16|146.94|100|BEX| F  |
2018-08-29 13:37:16|146.94|100|IEX|    |
2018-08-29 13:37:16|146.9805|55|FINRA|   I|
2018-08-29 13:37:17|146.941|1000|FINRA|    |
2018-08-29 13:37:17|146.94|100|ARCA| F  |
2018-08-29 13:37:17|146.94|100|DRCTEDGE|    |
2018-08-29 13:37:17|146.94|100|BATS| F  |
2018-08-29 13:37:17|146.94|100|ISLAND| F  |
2018-08-29 13:37:17|146.94|100|ISLAND| F  |
2018-08-29 13:37:17|146.94|100|ISLAND| F  |
2018-08-29 13:37:18|146.94|100|NYSE|    |
2018-08-29 13:37:19|146.931|8|FINRA|   I|
2018-08-29 13:37:20|146.96|100|ISLAND|    |
2018-08-29 13:37:21|146.93|5|NYSE| F I|
2018-08-29 13:37:28|146.96|23|NYSE|   I|
2018-08-29 13:37:28|146.96|77|NYSE|   I|
2018-08-29 13:37:28|146.97|9|ISLAND|   I|
2018-08-29 13:37:28|146.97|53|ISLAND|   I|
2018-08-29 13:37:28|146.97|26|ISLAND|   I|
2018-08-29 13:37:28|146.97|3|ISLAND|   I|
2018-08-29 13:37:28|146.97|6|ISLAND|   I|
2018-08-29 13:37:28|146.97|3|ISLAND|   I|
2018-08-29 13:37:28|146.97|100|BEX| F  |
2018-08-29 13:37:28|146.97|1|DRCTEDGE| F I|
2018-08-29 13:37:28|146.97|100|ISLAND|    |
2018-08-29 13:37:28|146.95|100|BATS| F  |
2018-08-29 13:37:28|146.94|89|DRCTEDGE| F I|
2018-08-29 13:37:28|146.95|100|ISLAND| F  |
2018-08-29 13:37:28|146.94|11|DRCTEDGE| F I|
2018-08-29 13:37:28|146.93|100|BYX| F  |
2018-08-29 13:37:28|146.93|5|NYSE| F I|
2018-08-29 13:37:28|146.93|100|ISLAND| F  |
2018-08-29 13:37:28|146.93|95|NYSE| F I|
2018-08-29 13:37:28|146.92|70|NYSE| F I|
2018-08-29 13:37:28|146.93|35|ISLAND| F I|
2018-08-29 13:37:28|146.93|65|ISLAND| F I|
2018-08-29 13:37:28|146.92|136|NYSE| F  |
2018-08-29 13:37:28|146.92|100|DRCTEDGE| F  |
2018-08-29 13:37:28|146.92|100|BATS| F  |
2018-08-29 13:37:28|146.92|5|ISLAND| F I|
2018-08-29 13:37:28|146.92|100|BATS| F  |
2018-08-29 13:37:28|146.92|62|BATS| F I|
2018-08-29 13:37:28|146.92|100|BATS| F  |
2018-08-29 13:37:28|146.92|100|ARCA| F  |
2018-08-29 13:37:28|146.92|100|BATS| F  |
2018-08-29 13:37:28|146.92|100|ARCA| F  |
2018-08-29 13:37:28|146.92|73|BATS| F I|
2018-08-29 13:37:28|146.92|95|ISLAND| F I|
2018-08-29 13:37:28|146.92|35|NYSE| F I|
2018-08-29 13:37:28|146.92|41|ISLAND| F I|
2018-08-29 13:37:28|146.92|59|ISLAND| F I|
2018-08-29 13:37:28|146.92|100|ISLAND| F  |
2018-08-29 13:37:28|146.92|6|ISLAND| F I|
2018-08-29 13:37:28|146.92|64|ISLAND| F I|
2018-08-29 13:37:28|146.92|99|ISLAND| F I|
2018-08-29 13:37:28|146.92|30|ISLAND| F I|
2018-08-29 13:37:28|146.92|140|ISLAND| F  |
2018-08-29 13:37:28|146.94|100|NYSENAT| F  |
2018-08-29 13:37:28|146.94|100|ISLAND| F  |
2018-08-29 13:37:28|146.94|26|FINRA|   I|
2018-08-29 13:37:30|146.9304|10|FINRA|   I|
2018-08-29 13:37:31|146.93|280|FINRA|    |
2018-08-29 13:37:32|146.98|50|FINRA|   I|
2018-08-29 13:37:33|146.955|299|FINRA|    |
2018-08-29 13:37:36|146.93|185|FINRA|    |
2018-08-29 13:37:37|146.96|100|BATS| F  |
2018-08-29 13:37:40|146.94|5|NYSE|   I|
2018-08-29 13:37:46|146.97|24|FINRA|   I|
2018-08-29 13:37:47|146.9699|15|FINRA|   I|
2018-08-29 13:37:48|146.953|84|FINRA|   I|
2018-08-29 13:37:51|146.97|200|BYX| F  |
2018-08-29 13:37:51|146.97|200|BEX| F  |
2018-08-29 13:37:51|146.99|45|BATS| F I|
2018-08-29 13:37:51|146.94|100|ISLAND|    |
2018-08-29 13:37:58|146.97|10|FINRA|   I|
2018-08-29 13:37:58|146.93|100|NYSE|    |
2018-08-29 13:37:58|146.92|5|NYSE| F I|
2018-08-29 13:37:58|146.92|100|ARCA|    |
2018-08-29 13:37:58|146.92|100|ARCA|    |
2018-08-29 13:37:58|146.92|337|NYSE|    |
2018-08-29 13:37:58|146.92|100|ARCA|    |
2018-08-29 13:37:58|146.92|100|ARCA|    |
2018-08-29 13:37:58|146.92|100|NYSE|    |
2018-08-29 13:37:58|146.92|100|BATS|    |
2018-08-29 13:37:58|146.92|100|BATS|    |
2018-08-29 13:37:58|146.92|200|NYSE|    |
2018-08-29 13:37:58|146.92|100|BATS|    |
2018-08-29 13:37:58|146.92|27|BATS|   I|
2018-08-29 13:37:58|146.92|200|NYSE| F  |
2018-08-29 13:37:58|146.92|100|ISLAND|    |
2018-08-29 13:37:58|146.92|73|BATS|   I|
2018-08-29 13:37:58|146.92|100|ISLAND|    |
2018-08-29 13:37:58|146.92|100|BATS|    |
2018-08-29 13:37:58|146.92|178|NYSE|    |
2018-08-29 13:37:58|146.92|100|BATS|    |
2018-08-29 13:37:58|146.92|342|NYSE|    |
2018-08-29 13:37:58|146.92|65|BATS| F I|
2018-08-29 13:37:58|146.92|100|ISLAND| F  |
2018-08-29 13:37:58|146.92|100|ISLAND| F  |
2018-08-29 13:37:58|146.92|100|ISLAND|    |
2018-08-29 13:37:58|146.92|32|NYSE|   I|
2018-08-29 13:37:58|146.92|100|ISLAND|    |
2018-08-29 13:37:58|146.92|100|ISLAND|    |
2018-08-29 13:37:58|146.92|100|ISLAND|    |
2018-08-29 13:37:58|146.92|87|ARCA|   I|
2018-08-29 13:37:58|146.92|13|ARCA|   I|
2018-08-29 13:37:58|146.92|87|ARCA|   I|
2018-08-29 13:37:58|146.92|100|ISLAND|    |
2018-08-29 13:37:58|146.92|13|ARCA|   I|
2018-08-29 13:37:58|146.92|100|ISLAND|    |
2018-08-29 13:37:58|146.92|100|ISLAND|    |
2018-08-29 13:37:58|146.92|77|ISLAND|   I|
2018-08-29 13:37:58|146.92|15|ISLAND|   I|
2018-08-29 13:37:58|146.92|8|ISLAND|   I|
2018-08-29 13:37:58|146.92|2|ISLAND|   I|
2018-08-29 13:37:58|146.92|21|ISLAND|   I|
2018-08-29 13:37:58|146.92|77|ISLAND|   I|
2018-08-29 13:37:58|146.92|100|ISLAND|    |
2018-08-29 13:37:58|146.92|23|ISLAND|   I|
2018-08-29 13:37:58|146.94|1|NYSE|   I|
2018-08-29 13:37:59|146.935|7|FINRA|   I|
2018-08-29 13:38:00|146.964|200|FINRA| 4 B|
2018-08-29 13:38:02|146.94|99|NYSE|   I|
2018-08-29 13:38:04|146.95|1|BATS|   I|
2018-08-29 13:38:08|146.9201|1|FINRA|   I|
2018-08-29 13:38:08|146.94|100|FINRA|    |
2018-08-29 13:38:08|146.94|50|FINRA|   I|
2018-08-29 13:38:11|146.92|195|NYSE| F  |
2018-08-29 13:38:11|146.92|100|FINRA|    |
2018-08-29 13:38:12|146.92|100|FINRA|    |
2018-08-29 13:38:15|146.92|77|ISLAND|   I|
2018-08-29 13:38:15|146.92|5|NYSE|   I|
2018-08-29 13:38:15|146.92|100|ARCA| F  |
2018-08-29 13:38:15|146.92|100|ISLAND|    |
2018-08-29 13:38:15|146.92|23|ISLAND|   I|
2018-08-29 13:38:15|146.92|77|ISLAND|   I|
2018-08-29 13:38:15|146.92|23|ISLAND|   I|
2018-08-29 13:38:15|146.92|73|ISLAND|   I|
2018-08-29 13:38:15|146.92|4|ISLAND|   I|
2018-08-29 13:38:15|146.92|182|ISLAND|    |
2018-08-29 13:38:15|146.92|100|ISLAND|    |
2018-08-29 13:38:15|146.92|11|ISLAND|   I|
2018-08-29 13:38:15|146.92|18|ISLAND|   I|
2018-08-29 13:38:15|146.92|32|ISLAND|   I|
2018-08-29 13:38:15|146.9|100|NYSE| F  |
2018-08-29 13:38:15|146.92|100|FINRA|    |
2018-08-29 13:38:16|146.87|100|FINRA|    |
2018-08-29 13:38:19|146.88|5|NYSE|   I|
2018-08-29 13:38:19|146.87|5|FINRA|   I|
2018-08-29 13:38:25|146.881|10|FINRA|   I|
2018-08-29 13:38:25|146.89|100|BEX|    |
2018-08-29 13:38:25|146.89|200|ISLAND|    |
2018-08-29 13:38:25|146.89|117|ISLAND|    |
2018-08-29 13:38:25|146.89|100|BATS| F  |
2018-08-29 13:38:25|146.89|100|DRCTEDGE| F  |
2018-08-29 13:38:25|146.89|200|DRCTEDGE| F  |
2018-08-29 13:38:25|146.9|100|ISLAND|    |
2018-08-29 13:38:25|146.91|100|EDGEA|    |
2018-08-29 13:38:25|146.91|100|EDGEA|    |
2018-08-29 13:38:25|146.91|100|NYSE| F  |
2018-08-29 13:38:35|146.9|5|ISLAND|   I|
2018-08-29 13:38:36|146.9061|11|FINRA|   I|
2018-08-29 13:38:37|146.91|255|FINRA|    |
2018-08-29 13:38:43|146.89|100|BEX|    |
2018-08-29 13:38:43|146.9|200|ISLAND| F  |
2018-08-29 13:38:43|146.89|100|ISLAND| F  |
2018-08-29 13:38:43|146.89|27|ISLAND| F I|
2018-08-29 13:38:43|146.89|73|ISLAND|   I|
2018-08-29 13:38:43|146.89|27|ISLAND|   I|
2018-08-29 13:38:43|146.89|73|ISLAND|   I|
2018-08-29 13:38:43|146.89|5|ISLAND|   I|
2018-08-29 13:38:43|146.89|95|ISLAND|   I|
2018-08-29 13:38:47|146.886|17|FINRA|   I|
2018-08-29 13:38:51|146.8835|7|FINRA|   I|
2018-08-29 13:38:52|146.88|5|ISLAND| F I|
2018-08-29 13:38:52|146.88|95|ISLAND| F I|
2018-08-29 13:38:52|146.88|100|ISLAND| F  |
2018-08-29 13:38:53|146.87|100|NYSE|    |
2018-08-29 13:38:55|146.8899|4|FINRA|   I|
2018-08-29 13:38:59|146.89|1|BEX|   I|
2018-08-29 13:39:00|146.86|42|ISLAND|   I|
2018-08-29 13:39:00|146.86|58|ISLAND|   I|
2018-08-29 13:39:00|146.86|58|ISLAND|   I|
2018-08-29 13:39:00|146.86|42|ISLAND| F I|
2018-08-29 13:39:00|146.87|100|EDGEA|    |
2018-08-29 13:39:05|146.88|100|ARCA| F  |
2018-08-29 13:39:05|146.88|1|BATS| F I|
2018-08-29 13:39:05|146.88|99|BEX| F I|
2018-08-29 13:39:13|146.86|5|ISLAND|   I|
2018-08-29 13:39:17|146.89|100|BEX|    |
2018-08-29 13:39:17|146.89|100|NYSE|    |
2018-08-29 13:39:17|146.89|100|BYX|    |
2018-08-29 13:39:17|146.89|100|BYX|    |
2018-08-29 13:39:17|146.89|100|BEX|    |
2018-08-29 13:39:17|146.89|100|BYX|    |
2018-08-29 13:39:17|146.89|100|ISLAND|    |
2018-08-29 13:39:17|146.89|10|ISLAND|   I|
2018-08-29 13:39:17|146.89|5|ISLAND|   I|
2018-08-29 13:39:20|146.8971|200|FINRA|    |
2018-08-29 13:39:20|146.89|100|DRCTEDGE|    |
2018-08-29 13:39:20|146.88|2|DRCTEDGE|   I|
2018-08-29 13:39:22|146.8807|3|FINRA|   I|
2018-08-29 13:39:22|146.87|100|ISLAND|    |
2018-08-29 13:39:22|146.87|400|ISLAND|    |
2018-08-29 13:39:22|146.85|100|BATS| F  |
2018-08-29 13:39:22|146.85|200|ISLAND| F  |
2018-08-29 13:39:23|146.849|1|NYSE|   I|
2018-08-29 13:39:23|146.83|100|ISLAND|    |
2018-08-29 13:39:23|146.82|3|ISLAND| F I|
2018-08-29 13:39:23|146.81|100|DRCTEDGE|    |
2018-08-29 13:39:23|146.81|100|ISLAND|    |
2018-08-29 13:39:23|146.8|3|ISLAND| F I|
2018-08-29 13:39:23|146.79|76|ISLAND| F I|
2018-08-29 13:39:23|146.7828|15|FINRA|   I|
2018-08-29 13:39:35|146.8|6|BEX| F I|
2018-08-29 13:39:36|146.77|100|ISLAND| F  |
2018-08-29 13:39:37|146.79|100|DRCTEDGE|    |
2018-08-29 13:39:37|146.79|24|BATS| F I|
2018-08-29 13:39:37|146.79|94|BEX| F I|
2018-08-29 13:39:37|146.8|100|ISLAND| F  |
2018-08-29 13:39:37|146.8|100|BEX| F  |
2018-08-29 13:39:37|146.8|100|BEX|    |
2018-08-29 13:39:37|146.8|77|CHX| F I|
2018-08-29 13:39:37|146.8|23|CHX| F I|
2018-08-29 13:39:40|146.81|100|NYSE|    |
2018-08-29 13:39:40|146.81|100|DRCTEDGE| F  |
2018-08-29 13:39:40|146.81|100|DRCTEDGE|    |
2018-08-29 13:39:40|146.81|100|BEX|    |
2018-08-29 13:39:40|146.82|100|ISLAND|    |
2018-08-29 13:39:40|146.82|10|DRCTEDGE| F I|
2018-08-29 13:39:40|146.83|100|BATS|    |
2018-08-29 13:39:41|146.84|100|ARCA|    |
2018-08-29 13:39:43|146.8867|38|FINRA|   I|
2018-08-29 13:39:51|146.9|100|BEX| F  |
2018-08-29 13:39:51|146.89|100|FINRA|    |
2018-08-29 13:39:56|146.87|23|ARCA| F I|
2018-08-29 13:39:56|146.87|58|ARCA| F I|
2018-08-29 13:39:56|146.87|19|ARCA| F I|
2018-08-29 13:39:56|146.87|100|BYX| F  |
2018-08-29 13:39:56|146.87|100|BATS| F  |
2018-08-29 13:39:56|146.87|23|ISLAND| F I|
2018-08-29 13:39:56|146.87|77|ISLAND| F I|
2018-08-29 13:39:57|146.83|200|NYSE|    |
2018-08-29 13:40:00|146.82|200|NYSE|    |
2018-08-29 13:40:00|146.82|100|ISLAND|    |
2018-08-29 13:40:00|146.82|100|ISLAND|    |
2018-08-29 13:40:00|146.82|100|DRCTEDGE| F  |
2018-08-29 13:40:02|146.814|175|FINRA|    |
2018-08-29 13:40:03|146.9621|100|FINRA| 4 B|
2018-08-29 13:40:10|146.79|6|ISLAND|   I|
2018-08-29 13:40:10|146.79|94|ISLAND|   I|
2018-08-29 13:40:10|146.78|100|DRCTEDGE|    |
2018-08-29 13:40:11|146.75|87|ISLAND| F I|
2018-08-29 13:40:11|146.75|13|ISLAND|   I|
2018-08-29 13:40:11|146.75|70|DRCTEDGE|   I|
2018-08-29 13:40:11|146.75|60|PSX|   I|
2018-08-29 13:40:16|146.76|100|BEX|    |
2018-08-29 13:40:16|146.76|200|BYX| F  |
2018-08-29 13:40:16|146.76|2|BATS| F I|
2018-08-29 13:40:16|146.75|100|ISLAND|    |
2018-08-29 13:40:16|146.76|10|BYX| F I|
2018-08-29 13:40:16|146.76|2|BATS| F I|
2018-08-29 13:40:17|146.77|100|ISLAND| F  |
2018-08-29 13:40:17|146.77|100|DRCTEDGE| F  |
2018-08-29 13:40:17|146.77|100|ISLAND| F  |
2018-08-29 13:40:17|146.77|100|DRCTEDGE| F  |
2018-08-29 13:40:17|146.76|79|ISLAND| F I|
2018-08-29 13:40:17|146.79|1|BATS|   I|
2018-08-29 13:40:18|146.7858|75|FINRA|   I|
2018-08-29 13:40:21|146.79|100|IEX|    |
2018-08-29 13:40:21|146.78|100|BATS|    |
2018-08-29 13:40:21|146.79|99|BATS| F I|
2018-08-29 13:40:21|146.78|100|BATS| F  |
2018-08-29 13:40:24|146.8|50|FINRA|   I|
2018-08-29 13:40:25|146.77|5|ISLAND|   I|
2018-08-29 13:40:27|146.8|100|NYSE|    |
2018-08-29 13:40:27|146.8|100|ISLAND|    |
2018-08-29 13:40:27|146.8|100|BEX|    |
2018-08-29 13:40:27|146.8|100|ISLAND| F  |
2018-08-29 13:40:27|146.8|100|BATS|    |
2018-08-29 13:40:27|146.8|100|BATS| F  |
2018-08-29 13:40:27|146.8|100|BATS| F  |
2018-08-29 13:40:27|146.8|19|ISLAND| F I|
2018-08-29 13:40:27|146.8|81|ISLAND| F I|
2018-08-29 13:40:27|146.81|98|NYSE| F I|
2018-08-29 13:40:27|146.81|48|NYSE| F I|
2018-08-29 13:40:27|146.81|100|BEX|    |
2018-08-29 13:40:27|146.81|100|ISLAND|    |
2018-08-29 13:40:27|146.81|12|ISLAND|   I|
2018-08-29 13:40:27|146.82|5|ISLAND|   I|
2018-08-29 13:40:27|146.8|90|IEX|   I|
2018-08-29 13:40:28|146.8186|2|FINRA|   I|
2018-08-29 13:40:29|146.8|100|FINRA|    |
2018-08-29 13:40:29|146.83|900|FINRA|    |
2018-08-29 13:40:29|146.8193|800|FINRA|    |
2018-08-29 13:40:29|146.84|2|FINRA|   I|
2018-08-29 13:40:30|146.82|7|FINRA|   I|
2018-08-29 13:40:32|146.816|224|FINRA|    |
2018-08-29 13:40:33|146.82|2|FINRA|   I|
2018-08-29 13:40:33|146.82|100|FINRA|    |
2018-08-29 13:40:33|146.83|7|BATS|   I|
2018-08-29 13:40:38|146.8001|4|FINRA|   I|
2018-08-29 13:40:40|146.8|100|ISLAND|    |
2018-08-29 13:40:40|146.8|95|BEX|   I|
2018-08-29 13:40:40|146.8|100|ISLAND|    |
2018-08-29 13:40:40|146.8|100|ISLAND|    |
2018-08-29 13:40:40|146.8|100|ISLAND|    |
2018-08-29 13:40:40|146.79|18|ISLAND| F I|
2018-08-29 13:40:40|146.78|100|NYSE| F  |
2018-08-29 13:40:40|146.79|61|ISLAND|   I|
2018-08-29 13:40:40|146.79|21|ISLAND|   I|
2018-08-29 13:40:40|146.79|36|ISLAND|   I|
2018-08-29 13:40:40|146.79|64|ISLAND|   I|
2018-08-29 13:40:40|146.78|100|ISLAND| F  |
2018-08-29 13:40:40|146.78|100|ISLAND| F  |
2018-08-29 13:40:40|146.78|74|ISLAND| F I|
2018-08-29 13:40:40|146.8|100|FINRA|    |
